@book{dean1991water,
  title={Water wave mechanics for engineers and scientists},
  author={Dean, Robert G and Dalrymple, Robert A},
  volume={2},
  year={1991},
  publisher={world scientific publishing company}
}
@article{kolmogorov1941local,
  title={The local structure of turbulence in incompressible viscous fluid for very large Reynolds},
  author={Kolmogorov, Andrey Nikolaevich},
  journal={Numbers. In Dokl. Akad. Nauk SSSR},
  volume={30},
  pages={301},
  year={1941}
}
@article{kolmogorov1962refinement,
  title={A refinement of previous hypotheses concerning the local structure of turbulence in a viscous incompressible fluid at high Reynolds number},
  author={Kolmogorov, Andrey Nikolaevich},
  journal={Journal of Fluid Mechanics},
  volume={13},
  number={1},
  pages={82--85},
  year={1962},
  publisher={Cambridge University Press}
}
@book{kundu2024fluid,
  title={Fluid mechanics},
  author={Kundu, Pijush K and Cohen, Ira M and Dowling, David R and Capecelatro, Jesse},
  year={2024},
  publisher={Elsevier}
}
@article{pope2001turbulent,
  title={Turbulent flows},
  author={Pope, Stephen B},
  journal={Measurement Science and Technology},
  volume={12},
  number={11},
  pages={2020--2021},
  year={2001}
}
@article{richardson1920supply,
  title={The supply of energy from and to atmospheric eddies},
  author={Richardson, Lewis Fry},
  journal={Proceedings of the Royal Society of London. Series A, Containing Papers of a Mathematical and Physical Character},
  volume={97},
  number={686},
  pages={354--373},
  year={1920},
  publisher={The Royal Society London}
}
@book{vallis2017atmospheric,
  title={Atmospheric and oceanic fluid dynamics},
  author={Vallis, Geoffrey K},
  year={2017},
  publisher={Cambridge University Press}
}
@book{vallis2019essentials,
  title={Essentials of atmospheric and oceanic dynamics},
  author={Vallis, Geoffrey K},
  year={2019},
  publisher={Cambridge university press}
}